@ARTICLE{ref1,
  AUTHOR =       {Rainer Oechsle, Tim Gottwald},
  TITLE =        {DisASTer(Distributed Algorithms Simultino Terrain): A Platform for the Implementation of Distributed Aglorithm},
  JOURNAL =      {ITiCSE'05},
  YEAR =         {2005},

}
